<record><leader>00000cas a22000007a 4500</leader><controlfield tag="001">13175216</controlfield><controlfield tag="008">860220d1872187ulaudn ne      0    0eng d</controlfield><datafield ind1=" " ind2=" " tag="010"><subfield code="a">sn 86079085 </subfield></datafield><datafield ind1=" " ind2=" " tag="040"><subfield code="a">NPU</subfield><subfield code="b">eng</subfield><subfield code="c">NPU</subfield><subfield code="d">PPM</subfield><subfield code="d">LNP</subfield><subfield code="d">OCLCQ</subfield></datafield><datafield ind1=" " ind2=" " tag="042"><subfield code="a">msc</subfield></datafield><datafield ind1="0" ind2=" " tag="130"><subfield code="a">Daily south-western-telegram (Shreveport, La.)</subfield></datafield><datafield ind1="1" ind2="4" tag="245"><subfield code="a">The daily south-western-telegram.</subfield></datafield><datafield ind1="3" ind2="0" tag="246"><subfield code="a">Daily southwestern telegram</subfield></datafield><datafield ind1="1" ind2="3" tag="246"><subfield code="a">South-Western-telegram</subfield></datafield><datafield ind1=" " ind2=" " tag="260"><subfield code="a">Shreveport, La. :</subfield><subfield code="b">Shreveport Pub. Co.</subfield></datafield><datafield ind1=" " ind2=" " tag="300"><subfield code="a">v. :</subfield><subfield code="b">ill. (chiefly advertisements) ;</subfield><subfield code="c">62 cm.</subfield></datafield><datafield ind1=" " ind2=" " tag="310"><subfield code="a">Daily (except Sun.)</subfield></datafield><datafield ind1="1" ind2=" " tag="362"><subfield code="a">Began in 1872?</subfield></datafield><datafield ind1=" " ind2=" " tag="500"><subfield code="a">"Official journal of the parish of Caddo."</subfield></datafield><datafield ind1=" " ind2=" " tag="588"><subfield code="a">Description based on: Vol. 5, no. 143 (Apr. 28, 1873).</subfield></datafield><datafield ind1=" " ind2=" " tag="752"><subfield code="a">United States</subfield><subfield code="b">Louisiana</subfield><subfield code="c">Caddo</subfield><subfield code="d">Shreveport.</subfield></datafield><datafield ind1="0" ind2=" " tag="775"><subfield code="t">Weekly south-western-telegram (Shreveport, La.)</subfield><subfield code="w">(DLC)sn 86079086</subfield></datafield><datafield ind1="0" ind2="0" tag="780"><subfield code="t">Daily south-western (Shreveport, La. : 1868)</subfield><subfield code="w">(DLC)sn 86090506</subfield></datafield><datafield ind1="0" ind2="0" tag="785"><subfield code="t">Evening telegram (Shreveport, La.)</subfield><subfield code="w">(DLC)sn 86053845</subfield></datafield></record>